@inproceedings{AgostinelliBFMM21,
	author = {A. Author.},
	title = {Anonymised paper.}
}

@article{mining,
	author = {A. Author.},
	title = {Anonymised paper.}
}

@inproceedings{THoSP,
	author = {A. Author.},
	title = {Anonymised paper.}
}

@inproceedings{bpm21,
	author = {A. Author.},
	title = {Anonymised paper.}
}